@article{bollerslev1987conditionally,
  title={A conditionally heteroskedastic time series model for speculative prices and rates of return},
  author={Bollerslev, Tim},
  journal={The review of economics and statistics},
  pages={542--547},
  year={1987},
  publisher={JSTOR}
}

@article{ghysels2006predicting,
  title={Predicting volatility: getting the most out of return data sampled at different frequencies},
  author={Ghysels, Eric and Santa-Clara, Pedro and Valkanov, Rossen},
  journal={Journal of Econometrics},
  volume={131},
  number={1-2},
  pages={59--95},
  year={2006},
  publisher={Elsevier}
}

@article{ding1993long,
  title={A long memory property of stock market returns and a new model},
  author={Ding, Zhuanxin and Granger, Clive WJ and Engle, Robert F},
  journal={Journal of empirical finance},
  volume={1},
  number={1},
  pages={83--106},
  year={1993},
  publisher={Elsevier}
}

@article{alizadeh1999range,
  title={Range-based estimation of stochastic volatility models or exchange rate dynamics are more interesting than you think},
  author={Alizadeh, Sassan and Brandt, Michael W and Diebold, Francis X},
  year={1999},
  publisher={Wharton FIC Working Paper No. 00-28}
}

@misc{ enwiki:1182638071,
    author = "{Wikipedia contributors}",
    title = "Volatility (finance) --- {Wikipedia}{,} The Free Encyclopedia",
    year = "2023",
    url = "https://en.wikipedia.org/w/index.php?title=Volatility_(finance)&oldid=1182638071",
    note = "[Online; accessed 5-November-2023]"
  }

@misc{ enwiki:1178339248,
    author = "{Wikipedia contributors}",
    title = "Rate of return --- {Wikipedia}{,} The Free Encyclopedia",
    year = "2023",
    url = "https://en.wikipedia.org/w/index.php?title=Rate_of_return&oldid=1178339248",
    note = "[Online; accessed 5-November-2023]"
  }